@book{halliday2016,
  author    = {Halliday, David and Resnick, Robert and Walker, Jearl},
  title     = {Fundamentos de Física, volume 3: Eletromagnetismo},
  edition   = {10},
  publisher = {LTC},
  address   = {Rio de Janeiro},
  year      = {2016}
}

@book{young2015,
  author    = {Young, Hugh D. and Freedman, Roger A.},
  title     = {Física III: Eletromagnetismo},
  edition   = {14},
  publisher = {Pearson},
  address   = {São Paulo},
  year      = {2015}
}

@book{vuolo1996,
  author    = {Vuolo, José H.},
  title     = {Fundamentos de Teoria dos Erros},
  publisher = {Editora Blucher},
  year      = {1996},
  address   = {São Paulo},
}